@inproceedings{han2022adbench,  
      title={ADBench: Anomaly Detection Benchmark},   
      author={Songqiao Han and Xiyang Hu and Hailiang Huang and Mingqi Jiang and Yue Zhao},  
      booktitle={Neural Information Processing Systems (NeurIPS)},
      year={2022}  
}

@unpublished{assignment5,
  author = {Rohan Loveland},
  note   = {From SDSMT D2L Website},
  title  = {Assignment\_5.pdf},
  year   = {2024}
}

@unpublished{assignment6,
  author = {Rohan Loveland},
  note   = {From SDSMT D2L Website},
  title  = {Assignment\_6.pdf},
  year   = {2024}
}

@unpublished{assignment7,
  author = {Rohan Loveland},
  note   = {From SDSMT D2L Website},
  title  = {Assignment\_7.pdf},
  year   = {2024}
}

@unpublished{assignment8,
  author = {Rohan Loveland},
  note   = {From SDSMT D2L Website},
  title  = {Assignment\_8.pdf},
  year   = {2024}
}
@unpublished{assignment9,
  author = {Rohan Loveland},
  note   = {From SDSMT D2L Website},
  title  = {Assignment\_9.pdf},
  year   = {2024}
}
@misc{precision_recall_wiki,
  author       = {Wikipedia Contributors},
  howpublished = {https://en.wikipedia.org/wiki/Precision\_and\_recall},
  title        = {Precision and recall},
  year         = {20 Feb. 2024}
}

@article{liu2008isolation,
  title={Isolation forest},
  author={Liu, Fei Tony and Ting, Kai Ming and Zhou, Zhi-Hua},
  journal={2008 Eighth IEEE International Conference on Data Mining},
  pages={413--422},
  year={2008},
  organization={IEEE}
}

@article{tharwat2023survey,
  title={A survey on active learning: state-of-the-art, practical challenges and research directions},
  author={Tharwat, Alaa and Schenck, Wolfram},
  journal={Mathematics},
  volume={11},
  number={4},
  pages={820},
  year={2023},
  publisher={MDPI},
  url={https://doi.org/10.3390/math11040820}
}