@inproceedings{han2022adbench,  
      title={ADBench: Anomaly Detection Benchmark},   
      author={Songqiao Han and Xiyang Hu and Hailiang Huang and Mingqi Jiang and Yue Zhao},  
      booktitle={Neural Information Processing Systems (NeurIPS)},
      year={2022}  
}

@unpublished{assignment5,
  author = {Rohan Loveland},
  note   = {From SDSMT D2L Website},
  title  = {Assignment\_5.pdf},
  year   = {2024}
}

@misc{precision_recall_wiki,
  author       = {Wikipedia Contributors},
  howpublished = {https://en.wikipedia.org/wiki/Precision\_and\_recall},
  title        = {Precision and recall},
  year         = {20 Feb. 2024}
}